@article{analisisrls,
  title={P[16]	“Analisis Regresi Linier Sederhana” 2019.[Online],Available: https://teknikelektronika.com/analisis-regresi-linear-sederhana-simple-linear-regression/ [diakses 20 Maret 2019]},
  author={pertamina},
  year={2019},
  publisher={INA-Rxiv}
}
@article{smadi2012least,
  title={On Least Squares Estimation in a Simple Linear Regression Model with Periodically Correlated Errors: A Cautionary Note},
  author={Smadi, Abdullah A and Abu-Afouna, Nour H},
  journal={Austrian Journal of Statistics},
  volume={41},
  number={3},
  pages={211--226},
  year={2012}
}
@article{hijriani2017implementasi,
  title={Implementasi Metode Regresi Linier Sederhana Pada Penyajian Hasil Prediksi Pemakaian Air Bersih Pdam Way Rilau Kota Bandar Lampung Dengan Sistem Informasi Geofrafis},
  author={Hijriani, Astria and Muludi, Kurnia and Andini, Erlina Ain},
  year={2017},
  publisher={INA-Rxiv}
}
@article{priyatno2014spss,
  title={SPSS 22 Pengolah data terpraktis},
  author={Priyatno, Duwi},
  journal={Yogyakarta: Andi},
  year={2014}
}
@article{pujakusuma2017pengelompokan,
  title={Pengelompokan Petani di DI Yogyakarta Terhadap Pembelian Pupuk Organik Padat dengan Pendekatan Agglomerative Hierarchial Clustering dengan Metode Single Linkage (Studi Kasus: PT. Indmira)},
  author={Pujakusuma, Amar and Fadliyadhan, M and others},
  year={2017},
  publisher={Universitas Islam Indonesia}
}

@article{alpiana2019penerapan,
  title={Penerapan Metode KnA (Kombinasi K-Means dan Agglomerative Hierarchical Clustering) dengan Pendekatan Single Linkage untuk Menentukan Status Gizi pada Balita},
  author={Alpiana, Intan and Anifah, Lilik},
  journal={INAJET: Indonesian Journal of Engineering and Technology},
  volume={1},
  number={2},
  pages={1--2},
  year={2019}
}

@article{giannakopoulos2015pyaudioanalysis,
  title={pyaudioanalysis: An open-source python library for audio signal analysis},
  author={Giannakopoulos, Theodoros},
  journal={PloS one},
  volume={10},
  number={12},
  pages={e0144610},
  year={2015},
  publisher={Public Library of Science}
}


